<?xml version="1.0" encoding="UTF-8"?><collection xmlns="http://www.loc.gov/MARC21/slim"><record><leader>00638nam--2200205-i-4500</leader><controlfield tag="001">000013517</controlfield><controlfield tag="002">20161230</controlfield><controlfield tag="005">20161230201030</controlfield><controlfield tag="008">060222s1000------------r-----000-0-eng-d</controlfield><datafield ind1=" " ind2=" " tag="020"><subfield code="a">3764311398</subfield></datafield><datafield ind1=" " ind2=" " tag="040"><subfield code="a">IFIN-HH</subfield></datafield><datafield ind1=" " ind2=" " tag="080"><subfield code="a">519.642</subfield></datafield><datafield ind1="1" ind2=" " tag="100"><subfield code="a">Bart, H</subfield></datafield><datafield ind1="1" ind2="0" tag="245"><subfield code="a">Minimal factorization of matrix and operator functions</subfield><subfield code="b">Operator theory: advances and applications</subfield><subfield code="c">H. bart, i. gohberg, m.a. kaasshoek</subfield></datafield><datafield ind1=" " ind2=" " tag="260"><subfield code="a">Basel</subfield><subfield code="b">Birkhaser Verlag</subfield><subfield code="c">1979</subfield></datafield><datafield ind1=" " ind2=" " tag="300"><subfield code="a">V + 227 P</subfield></datafield><datafield ind1=" " ind2=" " tag="490"><subfield code="a">Operator Theory: Advances And Applications</subfield><subfield code="v">Vol. 1</subfield></datafield><datafield ind1="1" ind2=" " tag="700"><subfield code="a">Kaashoek, M.A</subfield></datafield><datafield ind1=" " ind2=" " tag="852"><subfield code="a">48882</subfield><subfield code="c">519.4/5</subfield></datafield><datafield ind1=" " ind2=" " tag="CAT"><subfield code="a">Sys</subfield><subfield code="c">20130814</subfield><subfield code="h">151833</subfield></datafield></record></collection>